@article{berners1994world,
  title={The world-wide web},
  author={Berners-Lee, Tim and Cailliau, Robert and Luotonen, Ari and Nielsen, Henrik Frystyk and Secret, Arthur},
  journal={Communications of the ACM},
  volume={37},
  number={8},
  pages={76--82},
  year={1994},
  publisher={ACM New York, NY, USA}
}
@book{hock2005yahoo,
  title={Yahoo! to the Max: An Extreme Searcher Guide},
  author={Hock, Randolph},
  year={2005},
  publisher={Information Today, Inc.}
}
@article{brin1998anatomy,
  title={The anatomy of a large-scale hypertextual web search engine},
  author={Brin, Sergey and Page, Lawrence},
  journal={Computer networks and ISDN systems},
  volume={30},
  number={1-7},
  pages={107--117},
  year={1998},
  publisher={Elsevier}
}
@misc{brown2020language,
      title={Language Models are Few-Shot Learners}, 
      author={Tom B. Brown and Benjamin Mann and Nick Ryder and Melanie Subbiah and Jared Kaplan and Prafulla Dhariwal and Arvind Neelakantan and Pranav Shyam and Girish Sastry and Amanda Askell and Sandhini Agarwal and Ariel Herbert-Voss and Gretchen Krueger and Tom Henighan and Rewon Child and Aditya Ramesh and Daniel M. Ziegler and Jeffrey Wu and Clemens Winter and Christopher Hesse and Mark Chen and Eric Sigler and Mateusz Litwin and Scott Gray and Benjamin Chess and Jack Clark and Christopher Berner and Sam McCandlish and Alec Radford and Ilya Sutskever and Dario Amodei},
      year={2020},
      eprint={2005.14165},
      archivePrefix={arXiv},
      primaryClass={cs.CL}
}
@article{fostikov2023first,
  title={First impressions on using AI powered chatbots, tools and search engines: ChatGPT, Perplexity and other--possibilities and usage problems},
  author={Fostikov, Aleksandra},
  year={2023}
}
@article{bethany2024large,
  title={Large Language Model Lateral Spear Phishing: A Comparative Study in Large-Scale Organizational Settings},
  author={Bethany, Mazal and Galiopoulos, Athanasios and Bethany, Emet and Karkevandi, Mohammad Bahrami and Vishwamitra, Nishant and Najafirad, Peyman},
  journal={arXiv preprint arXiv:2401.09727},
  year={2024}
}
@article{bar2006methods,
  title={Methods for comparing rankings of search engine results},
  author={Bar-Ilan, Judit and Mat-Hassan, Mazlita and Levene, Mark},
  journal={Computer networks},
  volume={50},
  number={10},
  pages={1448--1463},
  year={2006},
  publisher={Elsevier}
}
@article{nielsen1999user,
  title={User interface directions for the web},
  author={Nielsen, Jakob},
  journal={Communications of the ACM},
  volume={42},
  number={1},
  pages={65--72},
  year={1999},
  publisher={ACM New York, NY, USA}
}
@article{koster1994aliweb,
  title={ALIWEB-Archie-like indexing in the Web},
  author={Koster, Martijn},
  journal={Computer Networks and ISDN Systems},
  volume={27},
  number={2},
  pages={175--182},
  year={1994},
  publisher={Elsevier}
}
@article{marchionini2006exploratory,
  title={Exploratory search: from finding to understanding},
  author={Marchionini, Gary},
  journal={Communications of the ACM},
  volume={49},
  number={4},
  pages={41--46},
  year={2006},
  publisher={ACM New York, NY, USA}
}
@article{lewis2020retrieval,
  title={Retrieval-augmented generation for knowledge-intensive nlp tasks},
  author={Lewis, Patrick and Perez, Ethan and Piktus, Aleksandra and Petroni, Fabio and Karpukhin, Vladimir and Goyal, Naman and K{\"u}ttler, Heinrich and Lewis, Mike and Yih, Wen-tau and Rockt{\"a}schel, Tim and others},
  journal={Advances in Neural Information Processing Systems},
  volume={33},
  pages={9459--9474},
  year={2020}
}
@book{schutze2008introduction,
  title={Introduction to information retrieval},
  author={Schutze, Hinrich and Manning, Christopher D and Raghavan, Prabhakar},
  volume={39},
  year={2008},
  publisher={Cambridge University Press Cambridge}
}
@inproceedings{patil2021comparative,
  title={Comparative Study Of Google Search Engine Optimization Algorithms: Panda, Penguin and Hummingbird},
  author={Patil, Akshita and Pamnani, Jayesh and Pawade, Dipti},
  booktitle={2021 6th International Conference for Convergence in Technology (I2CT)},
  pages={1--5},
  year={2021},
  organization={IEEE}
}
@article{gao2023retrieval,
  title={Retrieval-augmented generation for large language models: A survey},
  author={Gao, Yunfan and Xiong, Yun and Gao, Xinyu and Jia, Kangxiang and Pan, Jinliu and Bi, Yuxi and Dai, Yi and Sun, Jiawei and Wang, Haofen},
  journal={arXiv preprint arXiv:2312.10997},
  year={2023}
}
@misc{PerplexityAI2023,
  title = {{Perplexity.ai}},
  howpublished = {\url{https://perplexity.ai}},
  note = {Accessed: 2023-02-05},
  year = {2023}
}
@misc{BingAI2023,
  title = {{Bing AI Search}},
  howpublished = {\url{https://www.bing.com/?/ai}},
  note = {Accessed: 2023-02-05},
  year = {2023}
}
